@techreport{VNI14,
	Author = {{Cisco, Inc.}},
	Month = feb,
	Title = {Cisco Visual Networking Index: Global Mobile Data Traffic Forecast Update, 2013--2018},
	Year = {2014}}
	
@inproceedings{DAmato:2011:EAE:2419622.2419929,
	author = {DAmato, Andre Luiz Tinassi and Ruiz, Linnyer Beatrys and Silva, Anderson Faustino da and Costa, Jose Camargo da},
	title = {EProf: An Accurate Energy Consumption Estimation Tool},
	booktitle = {Proceedings of the 2011 30th International Conference of the Chilean Computer Science Society},
	series = {SCCC '11},
	year = {2011},
	isbn = {978-0-7695-4689-6},
	pages = {210--218},
	numpages = {9},
	url = {http://dx.doi.org/10.1109/SCCC.2011.28},
	doi = {10.1109/SCCC.2011.28},
	acmid = {2419929},
	publisher = {IEEE Computer Society},
	address = {Washington, DC, USA},
	keywords = {Simulation, Energy Consumption, UNB-RISC16}}

@inproceedings{Qian:2012:PTM:2187836.2187844,
	author = {Qian, Feng and Wang, Zhaoguang and Gao, Yudong and Huang, Junxian and Gerber, Alexandre and Mao, Zhuoqing and Sen, Subhabrata and Spatscheck, Oliver},
	title = {Periodic Transfers in Mobile Applications: Network-wide Origin, Impact, and Optimization},
	booktitle = {Proceedings of the 21st International Conference on World Wide Web},
	series = {WWW '12},
	year = {2012},
	isbn = {978-1-4503-1229-5},
	location = {Lyon, France},
	pages = {51--60},
	numpages = {10},
	url = {http://doi.acm.org/10.1145/2187836.2187844},
	doi = {10.1145/2187836.2187844},
	acmid = {2187844},
	publisher = {ACM},
	address = {New York, NY, USA},
	keywords = {3G networks, RRC state machine, periodic transfers, periodicity detection, radio resource optimization, smartphone applications}}
	
@inproceedings{Carroll:2010:APC:1855840.1855861,
	author = {Carroll, Aaron and Heiser, Gernot},
	title = {An Analysis of Power Consumption in a Smartphone},
	booktitle = {Proceedings of the 2010 USENIX Conference on USENIX Annual Technical Conference},
	series = {USENIXATC'10},
	year = {2010},
	location = {Boston, MA},
	pages = {21--21},
	numpages = {1},
	url = {http://dl.acm.org/citation.cfm?id=1855840.1855861},
	acmid = {1855861},
	publisher = {USENIX Association},
	address = {Berkeley, CA, USA}}
	
@ARTICLE{6174992, 
	author={Davies, N. and Langheinrich, M. and Jose, R. and Schmidt, A.}, 
	journal={Computer}, 
	title={Open Display Networks: A Communications Medium for the 21st Century}, 
	year={2012}, 
	month={May}, 
	volume={45}, 
	number={5}, 
	pages={58-64}, 
	keywords={computer displays;ubiquitous computing;closed model;communications medium;open model;open public display networks;Computer architecture;Computers;Context awareness;Educational institutions;Internet;Mobile handsets;Technological innovation;digital signage;open display networks;pervasive and ubiquitous computing;public displays}, 
	doi={10.1109/MC.2012.114}, 
	ISSN={0018-9162}}
	
@INPROCEEDINGS{6692468, 
	author={Seeling, Patrick}, 
	booktitle={Vehicular Technology Conference (VTC Spring), 2013 IEEE 77th}, 
	title={Caching Proxying for Mobile Users}, 
	year={2013}, 
	month={June}, 
	pages={1-5}, 
	keywords={energy consumption;mobile radio;telecommunication computing;caching proxy architecture;energy saving;generic cost approach;mobile user space;seamless device switching;user-based application optimization;Mobile communication;Mobile handsets;Optimization;Performance evaluation;Servers;Streaming media;Switches}, 
	doi={10.1109/VTCSpring.2013.6692468}, 
	ISSN={1550-2252}}
	
@article{Seeling:2014:OES:2671189.2671194,
	author = {Seeling, Patrick},
	title = {An Overview of Energy Savings Potentials Through Mobile Forwarding Proxy Framework},
	journal = {Int. J. Ad Hoc Ubiquitous Comput.},
	issue_date = {September 2014},
	volume = {16},
	number = {4},
	month = sep,
	year = {2014},
	issn = {1743-8225},
	pages = {260--267},
	numpages = {8},
	url = {http://dx.doi.org/10.1504/IJAHUC.2014.064859},
	doi = {10.1504/IJAHUC.2014.064859},
	acmid = {2671194},
	publisher = {Inderscience Publishers},
	address = {Inderscience Publishers, Geneva, SWITZERLAND}} 
	
@techreport{rfc1928,
   AUTHOR = {"M. Leech and M. Ganis and Y. Lee and R. Kuris and D. Koblas and L. Jones"},
   TITLE = "{Socks protocol version 5}",
   HOWPUBLISHED = {Internet Requests for Comments},
   TYPE="{RFC 1928 (Proposed Standard)}",
   YEAR = {1996},
   MONTH = {Mar},
   PUBLISHER = "{Internet Engineering Task Force,}"}
   
@UNPUBLISHED {kouzoubov2011,
    author = {K. Kouzoubov},
    title  = {Java Socks Proxy},
    note   = {Available: http://sourceforge.net/projects/jsocks/},
    year   = {2011}}